<?xml version="1.0" encoding="UTF-8"?><collection xmlns="http://www.loc.gov/MARC21/slim"><record><leader>00381nam--2200121-i-4500</leader><controlfield tag="001">000036722</controlfield><controlfield tag="002">20161230</controlfield><controlfield tag="005">20161230201041</controlfield><controlfield tag="008">060222s1000------------r-----000-0-eng-d</controlfield><datafield ind1=" " ind2=" " tag="080"><subfield code="a">061.62:629.19(061.3)</subfield></datafield><datafield ind1=" " ind2=" " tag="245"><subfield code="a">Xxvi plenary meeting and associated activiti first circular, june 1985. second circular 1985</subfield></datafield><datafield ind1=" " ind2=" " tag="260"><subfield code="a">Toulouse, Commitee On Space Research, 1986, 47p</subfield></datafield><datafield ind1=" " ind2=" " tag="852"><subfield code="a">74079</subfield></datafield></record></collection>